02RETORNO01COBRANCA       00000000000004456125OCEANIC ASSESSORIA DE MARKETIN237BRADESCO       3108170160000000616                                                                                                                                                                                                                                                                          010917         000001
1020164693800014600000250364500477826                         000000000000741426500000000000000000000000000506310817          00000000000074142650000000000000003806900106969  000000000000000000000000000000000000000000000000000000000000000000000000000000000000003806900000000000000000000000000   010917             00000000000000                                                                  000002
1020164693800014600000250364500477826                         000000000000742752190000000000000000000000000506310817          00000000000074275219000000000000003348010400476  000000000000000000000000000000000000000000000000000000000000000000000000000000000000003348000000000000000000000000000   010917             00000000000000                                                                  000003
1020164693800014600000250364500477826                         000000000000744309230000000000000000000000000506310817          00000000000074430923000000000000003397510404104  000000000000000000000000000000000000000000000000000000000000000000000000000000000000003397500000000000000000000000000   010917             00000000000000                                                                  000004
1020164693800014600000250364500477826                         000000000000745315410000000000000000000000000506310817          00000000000074531541000000000000004051510404428  000000000000000000000000000000000000000000000000000000000000000000000000000000000000004051500000000000000000000000000   010917             00000000000000                                                                  000005
1020164693800014600000250364500477826                         000000000000745512080000000000000000000000000506310817          00000000000074551208000000000000003851023703691  000000000000000000000000000000000000000000000000000000000000000000000000000000000000003851000000000000000000000000000   010917             00000000000000                                                                  000006
1020164693800014600000250364500477826                         000000000000746893150000000000000000000000000506310817          00000000000074689315000000000000000809000105362  000000000000000000000000000000000000000000000000000000000000000000000000000000000000000809000000000000000000000000000   010917             00000000000000                                                                  000007
1020164693800014600000250364500477826                         000000000000746968180000000000000000000000000506310817          00000000000074696818000000000000001346710400490  000000000000000000000000000000000000000000000000000000000000000000000000000000000000001346700000000000000000000000000   010917             00000000000000                                                                  000008
1020164693800014600000250364500477826                         000000000000747089130000000000000000000000000506310817          00000000000074708913000000000000002350010401593  000000000000000000000000000000000000000000000000000000000000000000000000000000000000002350000000000000000000000000000   010917             00000000000000                                                                  000009
1020164693800014600000250364500477826                         000000000000747224950000000000000000000000000506310817          00000000000074722495000000000000002116010401887  000000000000000000000000000000000000000000000000000000000000000000000000000000000000002116000000000000000000000000000   010917             00000000000000                                                                  000010
1020164693800014600000250364500477826                         000000000000747550320000000000000000000000000506310817          00000000000074755032000000000000002016000100318  000000000000000000000000000000000000000000000000000000000000000000000000000000000000002016000000000000000000000000000   010917             00000000000000                                                                  000011
1020164693800014600000250364500477826                         000000000000748151400000000000000000000000000506310817          00000000000074815140000000000000002889510400423  000000000000000000000000000000000000000000000000000000000000000000000000000000000000002889500000000000000000000000000   010917             00000000000000                                                                  000012
1020164693800014600000250364500477826                         000000000000748697200000000000000000000000000506310817          00000000000074869720000000000000002262410403868  000000000000000000000000000000000000000000000000000000000000000000000000000000000000002262400000000000000000000000000   010917             00000000000000                                                                  000013
1020164693800014600000250364500477826                         000000000000748809450000000000000000000000000506310817          00000000000074880945000000000000002435304100130  000000000000000000000000000000000000000000000000000000000000000000000000000000000000002435300000000000000000000000000   010917             00000000000000                                                                  000014
1020164693800014600000250364500477826                         000000000000749351460000000000000000000000000506310817          00000000000074935146000000000000002283810401593  000000000000000000000000000000000000000000000000000000000000000000000000000000000000002283800000000000000000000000000   010917             00000000000000                                                                  000015
1020164693800014600000250364500477826                         000000000000749949400000000000000000000000000506310817          00000000000074994940000000000000002774823702468  000000000000000000000000000000000000000000000000000000000000000000000000000000000000002774800000000000000000000000000   010917             00000000000000                                                                  000016
9201237          000000150000000039738400000616          00000000000000000000000397384000150000003973840000000000000000000000000000000000000000000000000000000000000000000000000000000000000                                                                                                                                                                              00000000000000000000000         000017
