02RETORNO01COBRANCA       00000000000004456125OCEANIC ASSESSORIA DE MARKETIN237BRADESCO       1309170160000000624                                                                                                                                                                                                                                                                          140917         000001
1020164693800014600000250364500477826                         000000000000792849090000000000000000000000000517130917          00000000000079284909000000000000001018023702810  000000000000000000000000000000000000000000000000000000000000000000000000000000000000001018000000000000000000000000000   140917                 0000000000                                                                  000002
1020164693800014600000250364500477826                         000000000000794236310000000000000000000000000517130917          00000000000079423631000000000000001997003301623  000000000000000000000000000000000000000000000000000000000000000000000000000000000000001997000000000000000000000000000   140917                 0000000000                                                                  000003
1020164693800014600000250364500477826                         000000000000795604180000000000000000000000000517130917          00000000000079560418000000000000005031010403691  000000000000000000000000000000000000000000000000000000000000000000000000000000000000005031000000000000000000000000000   140917                 0000000000                                                                  000004
1020164693800014600000250364500477826                         000000000000797675190000000000000000000000000517130917          00000000000079767519000000000000004759010401874  000000000000000000000000000000000000000000000000000000000000000000000000000000000000004759000000000000000000000000000   140917                 0000000000                                                                  000005
1020164693800014600000250364500477826                         000000000000798927040000000000000000000000000517130917          00000000000079892704000000000000023009008501034  000000000000000000000000000000000000000000000000000000000000000000000000000000000000023009000000000000000000000000000   140917                 0000000000                                                                  000006
1020164693800014600000250364500477826                         000000000000799338850000000000000000000000000517130917          00000000000079933885000000000000000629710403008  000000000000000000000000000000000000000000000000000000000000000000000000000000000000000629700000000000000000000000000   140917                 0000000000                                                                  000007
1020164693800014600000250364500477826                         000000000000799928570000000000000000000000000517130917          00000000000079992857000000000000000651823701552  000000000000000000000000000000000000000000000000000000000000000000000000000000000000000651800000000000000000000000000   140917                 0000000000                                                                  000008
1020164693800014600000250364500477826                         000000000000799948090000000000000000000000000517130917          00000000000079994809000000000000000949523701552  000000000000000000000000000000000000000000000000000000000000000000000000000000000000000949500000000000000000000000000   140917                 0000000000                                                                  000009
1020164693800014600000250364500477826                         000000000000801743000000000000000000000000000517130917          00000000000080174300000000000000002028000103140  000000000000000000000000000000000000000000000000000000000000000000000000000000000000002028000000000000000000000000000   140917                 0000000000                                                                  000010
1020164693800014600000250364500477826                         000000000000803011750000000000000000000000000517130917          00000000000080301175000000000000002395010401632  000000000000000000000000000000000000000000000000000000000000000000000000000000000000002395000000000000000000000000000   140917                 0000000000                                                                  000011
9201237          000000000000000000000000000624          00000000000000000000000000000000000000000000000000000000000000000000000000000000000000000000000000000000000000000000000000000000000                                                                                                                                                                              00000000000000000000000         000012
